@article{DBLP:journals/corr/abs-1906-06037,
  author    = {Makiko Mita and
               Kensuke Ito and
               Shohei Ohsawa and
               Hideyuki Tanaka},
  title     = {What is Stablecoin?: {A} Survey on Price Stabilization Mechanisms
               for Decentralized Payment Systems},
  journal   = {CoRR},
  volume    = {abs/1906.06037},
  year      = {2019},
  url       = {http://arxiv.org/abs/1906.06037},
  archivePrefix = {arXiv},
  eprint    = {1906.06037},
  timestamp = {Mon, 24 Jun 2019 17:28:45 +0200},
  biburl    = {https://dblp.org/rec/bib/journals/corr/abs-1906-06037},
  bibsource = {dblp computer science bibliography, https://dblp.org}
}


@book{MasteringBitcoin,
  Author = {Andreas M. Antonopoulos},
  Title = {Mastering Bitcoin: Programming the Open Blockchain},
  Publisher = {O'Reilly Media},
  Year = {2017},
  ISBN = {9781491954386},
  URL = {https://www.amazon.com/Mastering-Bitcoin-Programming-Open-Blockchain/dp/1491954388?SubscriptionId=AKIAIOBINVZYXZQZ2U3A&tag=chimbori05-20&linkCode=xm2&camp=2025&creative=165953&creativeASIN=1491954388}
}
@book{MasteringEthereum,
  Author = {Andreas M. Antonopoulos and Gavin Wood Ph. D.},
  Title = {Mastering Ethereum: Building Smart Contracts and DApps},
  Publisher = {O'Reilly Media},
  Year = {2018},
  ISBN = {1491971940},
  URL = {https://www.amazon.com/Mastering-Ethereum-Building-Smart-Contracts/dp/1491971940?SubscriptionId=AKIAIOBINVZYXZQZ2U3A&tag=chimbori05-20&linkCode=xm2&camp=2025&creative=165953&creativeASIN=1491971940}
}

@TECHREPORT{tether,
  AUTHOR =        {J.R. Willett },
  TITLE =         {Tether: Fiat currencies on the Bitcoin blockchain},
 	URL ={https://tether.to/wp-content/uploads/2016/06/TetherWhitePaper.pdf},
  INSTITUTION =   {Tether Limited},
  YEAR  =         {2012},
}

@TECHREPORT{dai,
  AUTHOR =    {Maker Team},
  TITLE =         {The Dai Stable Coin System},
 	URL = {https://makerdao.com/whitepaper/Dai-Whitepaper-Dec17-en.pdf},
  INSTITUTION =   {Maker DAO},
  YEAR  =         {2017},
}

@TECHREPORT{digix,
  AUTHOR =   {Anthony C. Eufemio, Kai C. Chng, Shaun Djie},
  TITLE =        {Digix white paper: The gold standard in crypto assets},
 	URL ={https://digix.global/whitepaper.pdf},
  YEAR  =         {2016},
}
@misc{1905.11905,
Author = {Ingolf G. A. Pernice and Sebastian Henningsen and Roman Proskalovich and Martin Florian and Hermann Elendner and Bj√∂rn Scheuermann},
Title = {Monetary Stabilization in Cryptocurrencies - Design Approaches and Open Questions},
Year = {2019}
}
@misc{1808.03482,
Author = {Jaehyung Lee and Minhyung Cho},
Title = {Exeum: A Decentralized Financial Platform for Price-Stable Cryptocurrencies},
Year = {2018},
Eprint = {arXiv:1808.03482},
}

@TECHREPORT{basis,
  AUTHOR =   {Nader Al-Naji, Josh Chen, Lawrence Diao},
  TITLE =        {Basis: A Price-Stable Cryptocurrency with an Algorithmic Central Bank},
 	URL ={https://www.basis.io/basis_whitepaper_en.pdf},
  YEAR  =         {2017}
}

@misc{nakamoto2012bitcoin,
  added-at = {2014-04-17T08:33:06.000+0200},
  author = {Nakamoto, Satoshi},
  biburl = {https://www.bibsonomy.org/bibtex/23db66df0fc9fa2b5033f096a901f1c36/ngnn},
  interhash = {423c2cdff70ba0cd0bca55ebb164d770},
  intrahash = {3db66df0fc9fa2b5033f096a901f1c36},
  keywords = {imported},
  timestamp = {2014-04-17T08:33:06.000+0200},
  title = {Bitcoin: A peer-to-peer electronic cash system},
  url = {http://www.bitcoin.org/bitcoin.pdf},
  year = 2009
}

@misc{buterin2014ethereum,
  author = {Vitalik Buterin},
  title = {Ethereum: A next-generation smart contract and decentralized application platform},
  year = {2014},
  note = {Accessed: 2016-08-22},
  url = {https://github.com/ethereum/wiki/wiki/White-Paper},
}

@article{1801.06771,
Author = {Kenji Saito and Mitsuru Iwamura},
Title = {How to Make a Digital Currency on a Blockchain Stable},
Year = {2018},
Eprint = {arXiv:1801.06771},
Howpublished = {Future Generation Computer Systems, Volume 100, 2019, Pages 58-69},
Doi = {10.1016/j.future.2019.05.019},
}

@article{article,
author = {Saleh, Fahad},
year = {2018},
month = {01},
pages = {},
title = {Volatility and Welfare in a Crypto Economy},
journal = {SSRN Electronic Journal},
doi = {10.2139/ssrn.3235467}
}

@article{SeigniorageShares,
author = {Robert Sams},
year = {2015},
month = {04},
pages = {},
title = {A Note on Cryptocurrency Stabilisation:  Seigniorage Shares},
url = {https://github.com/rmsams/stablecoins/blob/master/paper.pdf},
}

@article{HayekMoney,
author = {Ferdinando M. Ametrano},
year = {2014},
month = {04},
pages = {},
title = {Hayek Money: The Cryptocurrency Price Stability Solution},
url = {https://papers.ssrn.com/sol3/papers.cfm?abstract_id=2425270},
}

@book{randallwray2012,
 Author = {L. Randall Wray},
 title = {Modern Money Theory: A Primer on Macroeconomics for Sovereign Monetary Systems},
 description = {Modern Money Theory: A Primer on Macroeconomics for Sovereign Monetary Systems (Book, 2012)},
 publisher = {Palgrave Macmillan},
 interhash = {dc26a0c8f9d665bc9d94029d1baca350},
 intrahash = {c3ed6f5fce60aba05125678606bb4945},
 year = {2012},
 month = {aug},
 isbn = {0230368891},
 url = {https://www.xarg.org/ref/a/0230368891/}
}